This file was created with JabRef 2.2.
Encoding: MacRoman

@MISC{fontinelle2009,
  author = {Eric Fontinelle},
  title = {ETF Tracking Errors: Protect Your Returns},
  month = {Oct},
  year = {2009},
  lastchecked = {October 20, 2017},
  url = {http://www.investopedia.com/articles/exchangetradedfunds/09/tracking-error-etf-funds.asp}
}

@MISC{hayes2017,
  author = {Adam Hayes},
  title = {Exchange-Traded Fund (ETF)},
  month = {Oct},
  year = {2017},
  lastchecked = {October 14, 2017},
  url = {http://www.investopedia.com/terms/e/etf.asp}
}

@misc{blackrock2017, 
  author = {BlackRock},
  title={iShares Edge MSCI Min Vol USA ETF | USMV}, 
  url={https://www.ishares.com/us/products/239695/ishares-msci-usa-minimum-volatility-etf}, 
  month={Sep},
  year={2017}, 
  }

@misc{msci2013, 
  author = {MSCI},
  title={Barra Open Optimizer}, 
  url={https://www.msci.com/documents/10199/242721/Barra_Optimizer.pdf/5acf4515-dbd8-4d0c-8acc-ca70b7b68f69}, 
  month={Sep},
  year={2013}, 
  }

@MISC{wynne2016,
  author = {Bill Wynne},
  title = {Understanding The iShares MSCI USA Minimum Volatility ETF},
  month = {April},
  year = {2016},
  url = {https://seekingalpha.com/article/3964639-understanding-ishares-msci-usa-minimum-volatility-etf}
}

https://seekingalpha.com/article/165877-how-traders-are-front-running-etfs

@MISC{macdonald2009,
  author = {Larry MacDonald},
  title = {How Traders Are Front-Running ETFs},
  month = {October},
  year = {2009},
  url = {https://seekingalpha.com/article/165877-how-traders-are-front-running-etfs}
}

@book{van2016,
  title={High Returns from Low Risk: A Remarkable Stock Market Paradox},
  author={Pim Van Vliet and Jan de Koning},
  year={2016},
  publisher={John Wiley \& Sons}
}

@article{baker2011,
  title={Benchmarks as limits to arbitrage: Understanding the low-volatility anomaly},
  author={Malcolm Baker and Brendan Bradley and Jeffrey Wurgler},
  journal={Financial Analysts Journal},
  volume={67},
  number={1},
  pages={40-54},
  year={2011},
  publisher={CFA Institute}
}

@misc{ontario2017, 
  title={Types of investment risk | Understanding risk}, 
  url={https://www.getsmarteraboutmoney.ca/invest/investing-basics/understanding-risk/types-of-investment-risk/}, 
  author={Securities Commission Ontario},
  year={2017}, 
  month={May}
}

@misc{investopedia2015, 
  title={What are some common measures of risk used in risk management?}, 
  url={http://www.investopedia.com/ask/answers/041415/what-are-some-common-measures-risk-used-risk-management.asp}, 
  journal={Investopedia}, 
  author={Investopedia}, 
  year={2015}, 
  month={Apr}
}

@misc{history2010, 
  title={Stock Market Crash of 1929}, 
  url={http://www.history.com/topics/1929-stock-market-crash}, 
  journal={History.com}, 
  publisher={A&E Television Networks}, 
  author={History}, 
  year={2010}}

@book{graham1965,
  title={The Intelligent Investor: A book of practical counsel},
  author={Benjamin Graham},
  year={1965},
  publisher={Prabhat Prakashan}
}

@misc{investopedia2017, 
  title={Two And Twenty}, 
  url={http://www.investopedia.com/terms/t/two_and_twenty.asp}, 
  journal={Investopedia}, 
  author={Investopedia}, 
  year={2017}, 
  month={Feb}
}

@article{karceski2002,
  title={Returns-chasing behavior, mutual funds, and beta's death},
  author={Jason Karceski},
  journal={Journal of Financial and Quantitative analysis},
  volume={37},
  number={4},
  pages={559-594},
  year={2002},
  publisher={Cambridge University Press}
}

@misc{berger2017, 
  title={Amazon's 49,000% Return - A Test For Value Investors}, 
  url={https://www.forbes.com/sites/robertberger/2017/05/20/amazons-49000-return-a-test-for-value-investors/#7b8efe2049cf)}, 
  journal={Forbes}, 
  publisher={Forbes Magazine}, 
  author={Rob Berger}, 
  year={2017}, 
  month={May}
}

@misc{amadeo2017, 
  title={Stock Market Crash of 2008}, 
  url={https://www.thebalance.com/stock-market-crash-of-2008-3305535}, 
  journal={The Balance}, 
  author={Kimberly Amadeo}, 
  year={2017}, 
  month={April}
}

@article{pettengill1995,
  title={The conditional relation between beta and returns},
  author={Glenn N Pettengill and Sridhar Sundaram and Ike Mathur},
  journal={Journal of Financial and quantitative Analysis},
  volume={30},
  number={1},
  pages={101-116},
  year={1995},
  publisher={Cambridge University Press}
}

@article{jensen1972,
  title={The capital asset pricing model: Some empirical tests},
  author={Michael C Jensen and Fischer Black and Myron S Scholes},
  year={1972}
}

@incollection{brennan1989,
  title={Capital asset pricing model},
  author={Michael J Brennan},
  booktitle={Finance},
  pages={91-102},
  year={1989},
  publisher={Springer}
}

@misc{investopedia2017, 
  title={Capital Asset Pricing Model - CAPM}, 
  url={http://www.investopedia.com/terms/c/capm.asp}, 
  author={Staff, Investopedia}, 
  year={2017}, 
  month={Aug}
}

@article{haugen1975,
  title={Risk and the rate of return on financial assets: Some old wine in new bottles},
  author={Robert A Haugen and James A Heins},
  journal={Journal of Financial and Quantitative Analysis},
  volume={10},
  number={5},
  pages={775-784},
  year={1975},
  publisher={Cambridge University Press}
}

@article{fama1992,
  title={The cross-section of expected stock returns},
  author={Eugene F Fama and Kenneth R French},
  journal={the Journal of Finance},
  volume={47},
  number={2},
  pages={427-465},
  year={1992},
  publisher={Wiley Online Library}
}

@article{mullins1982,
  title={Does the capital asset pricing model work},
  author={David W Mullins},
  journal={Harvard Business Review},
  volume={60},
  number={1},
  pages={105-113},
  year={1982}
}

@article{boyer2009,
  title={Expected idiosyncratic skewness},
  author={Boyer, Brian and Mitton, Todd and Vorkink, Keith},
  journal={The Review of Financial Studies},
  volume={23},
  number={1},
  pages={169-202},
  year={2009},
  publisher={Society for Financial Studies}
}







@BOOK{angel2000,
  title = {Interactive Computer Graphics : A Top-Down Approach with OpenGL},
  publisher = {Addison Wesley Longman},
  year = {2000},
  author = {Edward Angel},
  address = {Boston, MA},
  isbn = {0-201-38597-X}
}

@BOOK{angel2001,
  title = {Batch-file Computer Graphics : A Bottom-Up Approach with QuickTime},
  publisher = {Wesley Addison Longman},
  year = {2001},
  author = {Edward Angel},
  address = {Boston, MA},
  isbn = {0-201-38597-X}
}

@BOOK{angel2002a,
  title = {test second book by angel},
  publisher = {Wesley Addison Longman},
  year = {2001},
  author = {Edward Angel},
  address = {Boston, MA},
  isbn = {0-201-38597-X}
}


@ARTICLE{deussen2000,
  author = {Oliver Deussen and Thomas Strothotte},
  title = {Computer-Generated Pen-and-Ink Illustration of Trees},
  journal = {``Proceedings of'' SIGGRAPH 2000},
  year = {2000},
  pages = {13--18},
  address = {New Orleans, Louisiana},
  editor = {Kurt Akeley},
  isbn = {1-58113-208-5},
  publisher = {ACM Press / ACM SIGGRAPH / Addison Wesley Longman},
  series = {Computer Graphics Proceedings, Annual Conference Series}
}

@BOOK{hipr1997,
  title = {Hypermedia Image Processing Reference},
  publisher = {John Wiley \& Sons},
  year = {1997},
  author = {Robert Fisher and Simon Perkins and Ashley Walker and Erik Wolfart},
  address = {New York, NY},
  isbn = {0-471-96243-0}
}

@BOOK{goochandgooch2001,
  title = {{Non-Photorealistic Rendering}},
  publisher = {A K Peters},
  year = {2001},
  author = {Bruce Gooch and Amy Gooch},
  address = {Natick, Massachusetts},
  isbn = {1-56881-133-0}
}

@BOOK{goochandgooch2001a,
  title = {Test second book by gooches},
  publisher = {A K Peters},
  year = {2001},
  author = {Bruce Gooch and Amy Gooch},
  address = {Natick, Massachusetts},
  isbn = {1-56881-133-0}
}


@ARTICLE{hertzmann2000,
  author = {Aaron Hertzmann and Dennis Zorin},
  title = {Illustrating Smooth Surfaces},
  journal = {Proceedings of SIGGRAPH 2000},
  year = {2000},
  volume = {5},
  number = {17},
  pages = {517--526},
  month = {July},
  address = {New Orleans, Louisiana},
  editor = {Kurt Akeley},
  isbn = {1-58113-208-5},
  publisher = {ACM Press / ACM SIGGRAPH / Addison Wesley Longman},
  series = {Computer Graphics Proceedings, Annual Conference Series}
}

@BOOK{jain1989,
  title = {Fundamentals of Digital Image Processing},
  publisher = {Prentice-Hall},
  year = {1989},
  author = {Anil K. Jain},
  address = {Englewood Cliffs, New Jersey},
  isbn = {0-13-336165-9}
}

@INCOLLECTION{Molina1994,
  author = {Molina,  S. T.  and Borkovec,  T. D.},
  title = {The {P}enn {S}tate Worry Questionnaire: Psychometric properties and
	associated characteristics},
  booktitle = {Worrying: Perspectives on theory, assessment and treatment},
  publisher = {Wiley},
  year = {1994},
  editor = {G. C. L. Davey and F. Tallis},
  pages = {265-283},
  address = {New York},
  owner = {salzberg},
  timestamp = {2007.04.18}
}

@PHDTHESIS{noble2002,
  author = {Noble, Samuel G.},
  title = {Turning images into simple line-art},
  school = {Reed College},
  year = {2002},
  type = {Undergraduate thesis},
  date-added = {2007-03-14 10:12:04 -0700},
  date-modified = {2007-03-14 10:30:42 -0700}
}

@MISC{reedweb2007,
  author = {Reed{\ }College},
  title = {LaTeX Your Document},
  month = {March},
  year = {2007},
  date-added = {2007-03-14 10:07:06 -0700},
  date-modified = {2007-03-14 10:09:03 -0700},
  lastchecked = {March 14, 2007},
  url = {http://web.reed.edu/cis/help/LaTeX/index.html}
}

@BOOK{russ1995,
  title = {{The Image Processing Handbook, Second Edition}},
  publisher = {CRC Press},
  year = {1995},
  author = {John C. Russ},
  address = {Boca Raton, Florida},
  isbn = {0-8493-2516-1}
}

@ARTICLE{salisbury1997,
  author = {Michael P. Salisbury and Michael T. Wong and John F. Hughes and David
	H. Salesin},
  title = {Orientable Textures for Image-Based Pen-and-Ink Illustration},
  journal = {``Proceedings of'' SIGGRAPH 97},
  year = {1997},
  pages = {401--406},
  month = {August},
  address = {Los Angeles, California},
  editor = {Turner Whitted},
  isbn = {0-89791-896-7},
  publisher = {Addison Wesley},
  series = {Computer Graphics Proceedings, Annual Conference Series}
}

@BOOK{savitch2001,
  title = {JAVA: An Introduction to Computer Science \& Programming},
  publisher = {Prentice Hall},
  year = {2001},
  author = {Walter Savitch},
  address = {Upper Saddle River, New Jersey},
  isbn = {0-13-031697-0}
}

@MASTERSTHESIS{wong1999,
  author = {Eric Wong},
  title = {{Artistic Rendering of Portrait Photographs}},
  school = {Cornell University},
  year = {1999}
}
